% Encoding: UTF-8

@Online{IBM2024,
  author  = {IBM},
  date    = {2024-03-06},
  editor  = {IBM},
  title   = {What is a mainframe? It’s a style of computing},
  url     = {https://www.ibm.com/docs/en/zos-basic-skills?topic=today-what-is-mainframe-its-style-computing},
  urldate = {2024-03-06},
}

@Online{IBM2024a,
  author  = {IBM},
  date    = {2024-03-06},
  editor  = {IBM},
  title   = {The IBM 700 Series},
  url     = {https://www.ibm.com/history/700},
  urldate = {2024-03-06},
}

@Online{IBM2024b,
  author  = {IBM},
  date    = {2024-03-06},
  editor  = {IBM},
  title   = {The IBM System/360},
  url     = {https://www.ibm.com/history/system-360},
  urldate = {2024-03-06},
}

@Online{IBM2024c,
  author  = {IBM},
  date    = {2024-03-06},
  editor  = {IBM},
  title   = {The IBM System/370},
  url     = {https://www.ibm.com/history/system-370},
  urldate = {2024-03-06},
}

@Online{IBM2024d,
  author  = {IBM},
  date    = {2024-03-06},
  editor  = {IBM},
  title   = {IBM zSystem},
  url     = {https://www.ibm.com/history/eserver-zseries},
  urldate = {2024-03-06},
}

@Online{Museum2024,
  author  = {Museum CH},
  date    = {2024-03-06},
  editor  = {Museum CH},
  title   = {CopyCats & Competitors},
  url     = {https://www.computerhistory.org/revolution/mainframe-computers/7/169},
  urldate = {2024-03-06},
}

@Online{Society2017,
  author  = {Australian Computer Society},
  date    = {2017-06-13},
  editor  = {Graeme Philipson},
  title   = {ACS Heritage Project: Chapter 26},
  url     = {https://ia.acs.org.au/article/2017/ACS-Heritage-Project--Chapter-26.html},
  urldate = {2024-03-06},
}

@Book{Ceruzzi2003,
  author = {Paul E Ceruzzi},
  date   = {2003-04-08},
  title  = {A History of Modern Computing second edition},
}

@Online{LaMonica2004,
  author       = {Martin LaMonica},
  date         = {2004-04-07},
  editor       = {Martin LaMonica},
  title        = {Mainframe competitors aim at Big Blue target},
  url          = {https://www.cnet.com/tech/tech-industry/mainframe-competitors-aim-at-big-blue-target/},
  organization = {CNET},
  urldate      = {2024-03-06},
}

@Online{Oracle,
  author  = {Oracle},
  editor  = {Oracle},
  title   = {Engineered systems},
  url     = {https://www.oracle.com/engineered-systems/},
  urldate = {2024-03-06},
}

@Online{AWS,
  author  = {AWS},
  editor  = {AWS},
  title   = {Start Building on AWS Today},
  url     = {https://aws.amazon.com/},
  urldate = {2024-03-06},
}

@Online{Google,
  author  = {Google},
  editor  = {Google},
  title   = {The new way to cloud starts here},
  url     = {https://cloud.google.com/},
  urldate = {2024-03-06},
}

@Online{IBM,
  author  = {IBM},
  editor  = {IBM},
  title   = {Drive your business with hybrid cloud},
  url     = {https://www.ibm.com/cloud/why-ibm},
  urldate = {2024-03-06},
}

@Online{VMWare,
  author  = {VMWare},
  editor  = {VMWare},
  title   = {Solutions for Your Hybrid Cloud Business},
  url     = {https://www.ibm.com/cloud/why-ibm},
  urldate = {2024-03-06},
}

@Online{Unisys,
  author  = {Unisys},
  editor  = {Unisys},
  title   = {Enable mission-critical, high-volume transaction processing},
  url     = {https://www.unisys.com/solutions/enterprise-computing/clearpath-forward/},
  urldate = {2024-03-06},
}

@Online{IBMa,
  author  = {IBM},
  editor  = {IBM},
  title   = {IBM Z},
  url     = {https://www.ibm.com/z},
  urldate = {2024-03-06},
}

@Online{Fujitsu,
  author  = {Fujitsu},
  editor  = {Fujitsu},
  title   = {BS2000 Mainframes},
  url     = {https://www.fujitsu.com/emeia/products/computing/servers/mainframe/bs2000/},
  urldate = {2024-03-06},
}

@Online{IBM2021,
  author  = {IBM},
  date    = {2021-06-01},
  editor  = {IBM},
  title   = {Program Diretory for IBM Dependency Based Build},
  url     = {https://www.ibm.com/docs/en/dbb/1.0?topic=zos-program-directory-dependency-based-build#HDRZJUMP1},
  urldate = {2024-03-06},
}

@Online{IBM2023,
  author  = {IBM},
  date    = {2023-12-14},
  editor  = {IBM},
  title   = {What is new and noteworthy},
  url     = {https://www.ibm.com/docs/en/dbb/1.1?topic=what-is-new-noteworthy},
  urldate = {2024-03-06},
}

@Online{IBM2022,
  author  = {IBM},
  date    = {2022-03-15},
  editor  = {IBM},
  title   = {What is new and noteworthy},
  url     = {https://www.ibm.com/docs/en/dbb/1.0?topic=what-is-new-noteworthy},
  urldate = {2024-03-06},
}

@Online{IBM2023a,
  author  = {IBM},
  date    = {2023-05-19},
  editor  = {IBM},
  title   = {What is new and noteworthy},
  url     = {https://www.ibm.com/docs/en/dbb/1.0?topic=what-is-new-noteworthy},
  urldate = {2024-03-06},
}

@Online{IBM2023b,
  author  = {IBM},
  date    = {2023-05-09},
  editor  = {IBM},
  title   = {IBM Dependency Based Build overview},
  url     = {https://www.ibm.com/docs/en/dbb/2.0?topic=dependency-based-build-overview},
  urldate = {2024-03-06},
}

@Online{Elliot2015,
  author  = {Jim Elliot},
  date    = {2015-08-12},
  editor  = {Jim Elliot},
  title   = {History and Evolution of IBM Mainframes over SHARE’s 60 Years},
  url     = {https://docplayer.net/46901393-History-and-evolution-of-ibm-mainframes-over-share-s-60-years.html},
  urldate = {2024-03-07},
}

@Online{IBMb,
  author  = {IBM},
  editor  = {IBM},
  title   = {Find a product},
  url     = {https://www.ibm.com/products?ibmTopics[0][0]=cat.topic:ITInfrastructure},
  urldate = {2024-03-07},
}

@Online{IBM2021a,
  author  = {IBM},
  date    = {2021},
  editor  = {IBM},
  title   = {IBM Dependency Based Build Course; DBB Architecture Overview},
  url     = {https://mediacenter.ibm.com/media/IBM+Dependency+Based+Build+CourseB+DBB+Architecture+Overview/1_q8mwed69},
  urldate = {2024-03-07},
}

@Online{Microsoft2024,
  author  = {Microsoft},
  date    = {2024-01-04},
  editor  = {Microsoft},
  title   = {What is Azure DevOps?},
  url     = {https://learn.microsoft.com/en-us/azure/devops/user-guide/what-is-azure-devops?view=azure-devops},
  urldate = {2024-03-07},
}

@Online{Microsoft2022,
  author  = {Microsoft},
  date    = {2022-04-10},
  editor  = {Microsoft},
  title   = {What is source control?},
  url     = {https://learn.microsoft.com/en-us/azure/devops/user-guide/source-control?view=azure-devops},
  urldate = {2024-03-07},
}

@Online{Microsoft2023,
  author  = {Microsoft},
  date    = {2023-12-04},
  editor  = {Microsoft},
  title   = {What is Azure Pipelines?},
  url     = {https://learn.microsoft.com/en-us/azure/devops/pipelines/get-started/what-is-azure-pipelines?view=azure-devops},
  urldate = {2024-03-07},
}

@Manual{Lopez2023,
  author    = {Nelson Lopez},
  date      = {2023-06},
  editor    = {Nelson Lopez},
  title     = {Git for Mainframe Developers},
  pagetotal = {18},
  url       = {https://www.ibm.com/support/pages/system/files/inline-files/Git training for Mainframers_2.pdf},
  urldate   = {2024-03-07},
  version   = {1.4},
}

@Comment{jabref-meta: databaseType:biblatex;}
