% Encoding: UTF-8
@Online{Bloomberg2021,
  author    = {Jason Bloomberg},
  title     = {How the mainframe became a surprising platform for innovation},
  date      = {2021-04-09},
  url       = {https://siliconangle.com/2021/04/09/mainframe-became-surprising-platform-innovation/},
  urldate   = {2023-12-10},
}

@Online{Moorhead2022,
  author    = {Patrick Moorhead},
  title     = {IBM Z16 â€“ The Mainframe Is Dead, Long Live The Mainframe},
  date      = {2022-04-05},
  url       = {https://www.forbes.com/sites/patrickmoorhead/2022/04/05/ibm-z16--the-mainframe-is-dead-long-live-the-mainframe/?sh=60b91a16ee9d},
  urldate   = {2023-12-10},
}

@Online{Porter2019,
  author    = {Kaleb Porter},
  title     = {z/OS development with IBM Dependency Based Build and IDz},
  date      = {2019-06-07},
  url       = {https://kalebporter.medium.com/modern-z-os-development-with-ibm-dependency-based-build-9cf945d72bfb},
  urldate   = {2023-12-10},
}

@Article{Sokolowksi2021,
  author       = {Daniel Sokolowski, Pascal Weisenburger, Guido Salvaneschi},
  title        = {Automating Serverless Deployments for DevOps Organizations},
  journaltitle = {Automating Serverless Deployments for DevOps Organizations},
  year         = {2021},
  pages        = {57--69},
  doi          = {10.1145/3468264.3468575},
  url          = {https://dl.acm.org/doi/10.1145/3468264.3468575},
}

@Online{Tozzi2022,
  author    = {Christopher Tozzi},
  title     = {Where Will Mainframes be in Ten Years?},
  date      = {2022-11-17},
  url       = {https://www.precisely.com/blog/mainframe/mainframe-industry-ten-years},
  urldate   = {2023-12-10},
}

@Comment{jabref-meta: databaseType:biblatex;}
