% Encoding: UTF-8

@book{Knuth1998,
 author = {Knuth, Donald E.},
 title = {The art of computer programming,  volume 3: (2nd ed.) sorting and searching},
 year = {1998},
 publisher = {Addison Wesley Longman Publishing Co., Inc.},
 address = {Redwood City, CA, USA}
}

@book{Pollefliet2011,
  author = {Pollefliet, Leen},
  title = {Schrijven van verslag tot eindwerk: do's en don'ts},
  year = {2011},
  publisher = {Academia Press},
  address = {Gent}
}

@article{Creeger2009,
  author = {Creeger, Mache},
  journal = {Communications of the ACM},
  number = {8},
  pages = {50--56},
  title = {{CTO Roundtable: Cloud Computing}},
  volume = {52},
  year = {2009}
}

@Online{Kumar2021,
  author = {Kanhaiya Kumar},
  date   = {2021-01-03},
  editor = {Kanhaiya Kumar},
  title  = {An Overview - zOS Connect},
  url    = {https://www.linkedin.com/pulse/overview-zos-connect-kanhaiya-kumar/},
}

@Online{IBM2023,
  author = {IBM},
  date   = {2023-03-15},
  editor = {IBM},
  title  = {What is a mainframe? It's a style of computing},
  url    = {https://www.ibm.com/docs/en/zos-basic-skills?topic=today-what-is-mainframe-its-style-computing},
}

@Manual{IBM1955,
  author = {IBM},
  date   = {1955-01-01},
  editor = {IBM},
  title  = {704 electronic data-processing machine},
}

@Online{IBM1952,
  author = {IBM},
  date   = {1952-04-29},
  editor = {IBM},
  title  = {IBM 701},
  url    = {https://www.ibm.com/ibm/history/exhibits/701/701_intro.html},
}

@Online{IBM1964,
  author = {IBM},
  date   = {1964-04-07},
  editor = {IBM},
  title  = {System/360 Announcement},
  url    = {https://www.ibm.com/ibm/history/exhibits/mainframe/mainframe_PR360.html},
}

@Online{IBM1970,
  author = {IBM},
  date   = {1970-06-30},
  editor = {IBM},
  title  = {System/370 Announcement},
  url    = {https://www.ibm.com/ibm/history/exhibits/mainframe/mainframe_PR370.html},
}

@Online{Goldberg2020,
  author = {Gabe Goldberg},
  date   = {2020},
  editor = {Gabe Goldberg},
  title  = {Mainframe Work, Then and Now},
  url    = {https://community.ibm.com/community/user/ibmz-and-linuxone/blogs/destination-z1/2019/12/23/mainframe-work-then-and-now},
}

@Online{IBM,
  author = {IBM},
  date   = {S.A.},
  editor = {IBM},
  title  = {2000},
  url    = {https://www.ibm.com/ibm/history/history/year_2000.html},
}

@Online{IBMa,
  author = {IBM},
  date   = {S.A.},
  editor = {IBM},
  title  = {Mainframe Family tree and chronology},
  url    = {https://www.ibm.com/ibm/history/exhibits/mainframe/mainframe_FT1.html},
}

@Online{IBMb,
  author = {IBM},
  date   = {S.A.},
  editor = {IBM},
  title  = {IBM Mainframes},
  url    = {https://www.ibm.com/ibm/history/exhibits/mainframe/mainframe_intro.html},
}

@Online{IBMc,
  author = {IBM},
  date   = {S.A.},
  editor = {IBM},
  title  = {Find a product},
  url    = {https://www.ibm.com/products?ibmTopics[0][0]=cat.topic:ITInfrastructure},
}

@Online{Museum,
  author = {Computer History Museum},
  date   = {S.A.},
  editor = {Computer History Museum},
  title  = {Copycats & Competitors},
  url    = {https://www.computerhistory.org/revolution/mainframe-computers/7/169},
}

@Online{Society2015,
  author = {Australian Computer Society},
  date   = {2015},
  editor = {Australian Computer Society},
  title  = {ACS Heritage Project: Chapter 26},
  url    = {https://50years.acs.org.au/heritage-projects/acs-heritage-project--chapter-26.html},
}

@Book{Cerruzi2003,
  author = {Paul E. Cerruzi},
  date   = {2003},
  title  = {A history of modern computing second edition},
}

@Online{Lamonica2004,
  author = {Martin Lamonica},
  date   = {2004-04-07},
  editor = {Martin Lamonica},
  title  = {Mainframe competitors aim at Big Blue target},
  url    = {https://www.cnet.com/tech/tech-industry/mainframe-competitors-aim-at-big-blue-target/},
}

@Online{IBM2020,
  author = {IBM},
  date   = {2020-03},
  editor = {IBM},
  title  = {Drive your business with hybrid cloud},
  url    = {https://www.ibm.com/cloud/why-ibm/},
}

@Online{AWS,
  author = {AWS},
  date   = {S.A.},
  editor = {AWS},
  title  = {Start Building on AWS Today},
  url    = {https://aws.amazon.com/},
}

@Online{Google,
  author = {Google},
  date   = {S.A.},
  editor = {Google},
  title  = {Dream, build, and transform with Google Cloud},
  url    = {https://cloud.google.com/},
}

@Online{Oracle,
  author = {Oracle},
  date   = {S.A.},
  editor = {Oracle},
  title  = {Oracle Engineered Systems},
  url    = {https://www.oracle.com/engineered-systems/},
}

@Online{VMWare,
  author = {VMWare},
  date   = {S.A.},
  editor = {VMWare},
  title  = {Move Fast and Be Free in a Multi-Cloud Worldâ€‹},
  url    = {https://www.vmware.com/},
}

@Online{Fujitsu,
  author = {Fujitsu},
  date   = {S.A.},
  editor = {Fujitsu},
  title  = {BS2000 Mainframes},
  url    = {https://www.fujitsu.com/emeia/products/computing/servers/mainframe/bs2000/},
}

@Online{Unisys,
  author = {Unisys},
  date   = {S.A.},
  editor = {Unisys},
  title  = {ClearPath Forward},
  url    = {https://www.unisys.com/solutions/enterprise-computing/clearpath-forward/},
}

@Online{IBMd,
  author = {IBM},
  date   = {S.A.},
  editor = {IBM},
  title  = {IBM zSystems},
  url    = {https://www.ibm.com/z},
}

@Online{TransIP,
  author = {TransIP},
  date   = {S.A.},
  editor = {TransIP},
  title  = {Wat is een API?},
  url    = {https://www.transip.nl/knowledgebase/artikel/3253-wat-is-een-api/},
}

@Online{Schoemaker2019,
  author = {Lisanne Schoemaker},
  date   = {2019-10-23},
  editor = {Lisanne Schoemaker},
  title  = {Wat is een API en wat kan je ermee?},
  url    = {https://www.salesforce.com/nl/blog/2019/10/wat-is-een-api.html},
}

@Online{Wouter,
  author = {Wouter},
  date   = {S.A.},
  editor = {Wouter},
  title  = {Wat is een API en wanneer is een API koppeling nuttig?},
  url    = {https://datalink.be/blog/api-application-programming-interfaces/},
}

@Online{Arellano2021,
  author = {Kelly Arellano},
  date   = {2021-06-04},
  editor = {Kelly Arellano},
  title  = {API Architecture: Components and Best Practices for Building Robust APIs},
  url    = {https://rapidapi.com/blog/api-architecture/},
}

@Online{Gillis2020,
  author = {Alexander S. Gillis},
  date   = {2020-09},
  editor = {Alexander S. Gillis},
  title  = {REST API (RESTful API)},
  url    = {https://www.techtarget.com/searchapparchitecture/definition/RESTful-API},
}

@Online{Cleo2023,
  author = {Cleo},
  date   = {2023-02},
  editor = {Cleo},
  title  = {API Endpoints - Consumer and Provider},
  url    = {https://support.cleo.com/hc/en-us/articles/1500011535901-API-Endpoints-Consumer-and-Provider},
}

@Online{IBMe,
  author = {IBM},
  date   = {S.A.},
  editor = {IBM},
  title  = {IBM z/OS Connect},
  url    = {https://www.ibm.com/products/zos-connect},
}

@Online{IBM2023a,
  author = {IBM},
  date   = {2023-03-26},
  editor = {IBM},
  title  = {IBM z/OS Connect concepts},
  url    = {https://www.ibm.com/docs/en/zos-connect/zosconnect/3.0?topic=2-zos-connect-concepts},
}

@Online{IBM2023b,
  author = {IBM},
  date   = {2023-03-26},
  editor = {IBM},
  title  = {The IBM z/OS Connect build toolkit},
  url    = {https://www.ibm.com/docs/en/zos-connect/zosconnect/3.0?topic=2-zos-connect-build-toolkit},
}

@Online{Software2012,
  author = {Software AG},
  date   = {2012},
  editor = {Software AG},
  title  = {z/OS Installation},
  url    = {https://documentation.softwareag.com/adabas/ada824mfr/addons/adr/install/install-zos.htm},
}

@Online{IBM2023c,
  author = {IBM},
  date   = {2023-01-10},
  editor = {IBM},
  title  = {Configuring z/OS Connect Enterprise Edition},
  url    = {https://www.ibm.com/docs/en/cics-ts/5.4?topic=cics-configuring-zos-connect-enterprise-edition},
}

@Comment{jabref-meta: databaseType:biblatex;}
